
@MISC{BISL,
    author = {John Hatcliff and Gary T. Leavens and K. Rustan M. Leino and Peter Müller and Matthew Parkinson},
    title = {Behavioral Interface Specification Languages},
    year = {2009}
}

@incollection {property-status,
   author = {Correnson, Loïc and Signoles, Julien},
   affiliation = {Software Safety Lab., CEA LIST, PC 174, 91191 Gif-sur-Yvette, France},
   title = {Combining Analyses for {C} Program Verification},
   booktitle = {Formal Methods for Industrial Critical Systems},
   series = {Lecture Notes in Computer Science},
   editor = {Stoelinga, Mariëlle and Pinger, Ralf},
   publisher = {Springer Berlin / Heidelberg},
   isbn = {978-3-642-32468-0},
   keyword = {Computer Science},
   pages = {108-130},
   volume = {7437},
   url = {http://dx.doi.org/10.1007/978-3-642-32469-7_8},
   year = {2012}
}

@article{ECLiPSe,
  author    = {Joachim Schimpf and Kish Shen},
  title     = {{ECLiPSe} - from {LP} to {CLP}},
  journal   = {CoRR},
  volume    = {abs/1012.4240},
  year      = {2010},
  ee        = {http://arxiv.org/abs/1012.4240},
  bibsource = {DBLP, http://dblp.uni-trier.de}
}

@inproceedings{PathCrawler,
  author    = {Bernard Botella and Micka{\"e}l Delahaye and St{\'e}phane {Hong Tuan Ha} and Nikolai Kosmatov and
               Patricia Mouy and Muriel Roger and Nicky Williams},
  title     = {Automating Structural Testing of {C} Programs: Experience with {PathCrawler}},
  booktitle = {AST},
  year      = {2009},
  pages     = {70-78},
  ee        = {http://dx.doi.org/10.1109/IWAST.2009.5069043},
  bibsource = {DBLP, http://dblp.uni-trier.de},
}

@misc{PathCrawlerOnline,
  title = {{PathCrawler Online}},
  year = {2011},
  howpublished = "\url{http://pathcrawler-online.com}" 
}

@inproceedings{Frama-C,
 author = {Cuoq, Pascal and Kirchner, Florent and Kosmatov, Nikolai and Prevosto, Virgile and Signoles, Julien and Yakobowski, Boris},
 title = {{Frama-C}: A Program Analysis Perspective},
 booktitle = {Proc. of the 10th International Conference on Software Engineering and Formal Methods},
 series = {SEFM '2012},
 month = {October},
 year = {2012},
 location = {Thessaloniki, Greece},
 note = {To appear}
}

@article{Dijkstra,
 author = {Dijkstra, Edsger W.},
 title = {Guarded commands, nondeterminacy and formal derivation of programs},
 journal = {Commun. ACM},
 volume = {18},
 issue = {8},
 month = {August},
 year = {1975},
 issn = {0001-0782},
 pages = {453--457},
 numpages = {5},
 url = {http://doi.acm.org/10.1145/360933.360975},
 doi = {http://doi.acm.org/10.1145/360933.360975},
 acmid = {360975},
 publisher = {ACM},
 address = {New York, NY, USA},
 keywords = {case-construction, correctness proof, derivation of programs, nondeterminancy, program semantics, programming language semantics, programming languages, programming methodology, repetition, sequencing primitives, termination},
}

@article{Floyd,
 author = {Floyd, Robert W.},
 title = {Syntactic Analysis and Operator Precedence},
 journal = {J. ACM},
 volume = {10},
 issue = {3},
 month = {July},
 year = {1963},
 issn = {0004-5411},
 pages = {316--333},
 numpages = {18},
 url = {http://doi.acm.org/10.1145/321172.321179},
 doi = {http://doi.acm.org/10.1145/321172.321179},
 acmid = {321179},
 publisher = {ACM},
 address = {New York, NY, USA},
}

@article{Hoare,
 author = {Hoare, C. A. R.},
 title = {An axiomatic basis for computer programming},
 journal = {Commun. ACM},
 volume = {12},
 issue = {10},
 month = {October},
 year = {1969},
 issn = {0001-0782},
 pages = {576--580},
 numpages = {5},
 url = {http://doi.acm.org/10.1145/363235.363259},
 doi = {http://doi.acm.org/10.1145/363235.363259},
 acmid = {363259},
 publisher = {ACM},
 address = {New York, NY, USA},
 keywords = {axiomatic method, formal language definition, machine-independent programming, program documentation, programming language design, theory of programming' proofs of programs},
}

@misc{C99,
 author = {ISO},
 title = {{ISO/IEC 9899:1999: Programming languages -- {C}}},
 institution = {International Organization for Standardization},
 year = {1999}
}

@inproceedings{duality,
   author = {Michael D. Ernst},
   title = {Static and dynamic analysis: Synergy and duality},
   booktitle = {WODA 2003: ICSE Workshop on Dynamic Analysis},
   pages = {24--27},
   address = {Portland, OR},
   month = {May~9,},
   year = {2003}
}

@book{static-analysis,
 author = {Nielson, Flemming and Nielson, Hanne R. and Hankin, Chris},
 title = {Principles of Program Analysis},
 year = {1999},
 isbn = {3540654100},
 publisher = {Springer-Verlag New York, Inc.},
 address = {Secaucus, NJ, USA},
}

@article{undecidability,
 author = {Landi, William},
 title = {Undecidability of static analysis},
 journal = {ACM Lett. Program. Lang. Syst.},
 volume = {1},
 issue = {4},
 month = {December},
 year = {1992},
 issn = {1057-4514},
 pages = {323--337},
 numpages = {15},
 url = {http://doi.acm.org/10.1145/161494.161501},
 doi = {http://doi.acm.org/10.1145/161494.161501},
 acmid = {161501},
 publisher = {ACM},
 address = {New York, NY, USA},
 keywords = {abstract interpretation, alias analysis, data flow analysis, halting problem, static analysis},
}

@article{model-checking,
 author = {Clarke, E. M. and Emerson, E. A. and Sistla, A. P.},
 title = {Automatic verification of finite-state concurrent systems using temporal logic specifications},
 journal = {ACM Trans. Program. Lang. Syst.},
 issue_date = {April 1986},
 volume = {8},
 number = {2},
 month = apr,
 year = {1986},
 issn = {0164-0925},
 pages = {244--263},
 numpages = {20},
 url = {http://doi.acm.org/10.1145/5397.5399},
 doi = {10.1145/5397.5399},
 acmid = {5399},
 publisher = {ACM},
 address = {New York, NY, USA},
}

@inproceedings{LTL,
 author = {Clarke, Edmund M. and Emerson, E. Allen},
 title = {Design and Synthesis of Synchronization Skeletons Using Branching-Time Temporal Logic},
 booktitle = {Logic of Programs, Workshop},
 year = {1982},
 isbn = {3-540-11212-X},
 pages = {52--71},
 numpages = {20},
 url = {http://dl.acm.org/citation.cfm?id=648063.747438},
 acmid = {747438},
 publisher = {Springer-Verlag},
 address = {London, UK},
}

@article{abstract-interpretation,
  author    = {Patrick Cousot and Radhia Cousot},
  title     = {Abstract Interpretation Frameworks},
  journal   = {J. Log. Comput.},
  volume    = {2},
  number    = {4},
  year      = {1992},
  pages     = {511-547},
  ee        = {http://dx.doi.org/10.1093/logcom/2.4.511},
  bibsource = {DBLP, http://dblp.uni-trier.de}
}

@INPROCEEDINGS{predicate-abstraction,
    author = {Thomas Ball and Rupak Majumdar and Todd Millstein and Sriram K. Rajamani},
    title = {Automatic predicate abstraction of {C} programs},
    booktitle = {IN PROC. ACM PLDI},
    year = {2001},
    pages = {203--213},
    publisher = {ACM Press}
}

@inproceedings{simulation,
 author = {Whitner, R. B. and Balci, O.},
 title = {Guidelines for selecting and using simulation model verification techniques},
 booktitle = {Proceedings of the 21st conference on Winter simulation},
 series = {WSC '89},
 year = {1989},
 isbn = {0-911801-58-8},
 location = {Washington, D.C., United States},
 pages = {559--568},
 numpages = {10},
 url = {http://doi.acm.org/10.1145/76738.76811},
 doi = {http://doi.acm.org/10.1145/76738.76811},
 acmid = {76811},
 publisher = {ACM},
 address = {New York, NY, USA},
}

@article{symbolic-execution,
 author = {Clarke, L. A.},
 title = {A System to Generate Test Data and Symbolically Execute Programs},
 journal = {IEEE Trans. Softw. Eng.},
 volume = {2},
 issue = {3},
 month = {May},
 year = {1976},
 issn = {0098-5589},
 pages = {215--222},
 numpages = {8},
 url = {http://dl.acm.org/citation.cfm?id=1313320.1313532},
 doi = {10.1109/TSE.1976.233817},
 acmid = {1313532},
 publisher = {IEEE Press},
 address = {Piscataway, NJ, USA},
 keywords = {test data generation, Program validation, software reliability, symbolic execution},
}

@article{slicing,
  author    = {Bogdan Korel and Janusz W. Laski},
  title     = {Dynamic Program Slicing},
  journal   = {Inf. Process. Lett.},
  volume    = {29},
  number    = {3},
  year      = {1988},
  pages     = {155-163},
  ee        = {http://dx.doi.org/10.1016/0020-0190(88)90054-3},
  bibsource = {DBLP, http://dblp.uni-trier.de}
}

@article{PDG,
 author = {Ottenstein, Karl J. and Ottenstein, Linda M.},
 title = {The program dependence graph in a software development environment},
 journal = {SIGPLAN Not.},
 volume = {19},
 issue = {5},
 month = {April},
 year = {1984},
 issn = {0362-1340},
 pages = {177--184},
 numpages = {8},
 url = {http://doi.acm.org/10.1145/390011.808263},
 doi = {http://doi.acm.org/10.1145/390011.808263},
 acmid = {808263},
 publisher = {ACM},
 address = {New York, NY, USA},
 keywords = {Code optimization, Control flow, Data flow, Debugging, Internal program representation, Interpreter, Program slice, Software complexity metrics},
}

@inproceedings{SDG,
 author = {Sinha, Saurabh and Harrold, Mary Jean and Rothermel, Gregg},
 title = {System-dependence-graph-based slicing of programs with arbitrary interprocedural control flow},
 booktitle = {Proceedings of the 21st international conference on Software engineering},
 series = {ICSE '99},
 year = {1999},
 isbn = {1-58113-074-0},
 location = {Los Angeles, California, United States},
 pages = {432--441},
 numpages = {10},
 url = {http://doi.acm.org/10.1145/302405.302675},
 doi = {http://doi.acm.org/10.1145/302405.302675},
 acmid = {302675},
 publisher = {ACM},
 address = {New York, NY, USA},
 keywords = {interprocedural slicing, program slicing, system dependence graph},
}

@article{SPIN,
 author = {Holzmann, Gerard J.},
 title = {The Model Checker {SPIN}},
 journal = {IEEE Trans. Softw. Eng.},
 volume = {23},
 issue = {5},
 month = {May},
 year = {1997},
 issn = {0098-5589},
 pages = {279--295},
 numpages = {17},
 url = {http://dl.acm.org/citation.cfm?id=260897.260902},
 doi = {10.1109/32.588521},
 acmid = {260902},
 publisher = {IEEE Press},
 address = {Piscataway, NJ, USA},
 keywords = {Formal methods, program verification, design verification, model checking, distributed systems, concurrency.},
}

@article{PolySpace,
 author = {Zitser, Misha and Lippmann, Richard and Leek, Tim},
 title = {Testing static analysis tools using exploitable buffer overflows from open source code},
 journal = {SIGSOFT Softw. Eng. Notes},
 volume = {29},
 issue = {6},
 month = {October},
 year = {2004},
 issn = {0163-5948},
 pages = {97--106},
 numpages = {10},
 url = {http://doi.acm.org/10.1145/1041685.1029911},
 doi = {http://doi.acm.org/10.1145/1041685.1029911},
 acmid = {1029911},
 publisher = {ACM},
 address = {New York, NY, USA},
 keywords = {buffer overflow, evaluation, exploit, false alarm, security, source code, static analysis, test detection},
}

@inproceedings{ASTREE,
 author = {Cousot, Patrick and Cousot, Radhia and Feret, J\'{e}r\^{o}me and Mauborgne, Laurent and Min\'{e}, Antoine and Monniaux, David and Rival, Xavier},
 title = {Combination of abstractions in the {ASTRÉE} static analyzer},
 booktitle = {Proceedings of the 11th Asian computing science conference on Advances in computer science: secure software and related issues},
 series = {ASIAN'06},
 year = {2007},
 isbn = {3-540-77504-8, 978-3-540-77504-1},
 location = {Tokyo, Japan},
 pages = {272--300},
 numpages = {29},
 url = {http://dl.acm.org/citation.cfm?id=1782734.1782757},
 acmid = {1782757},
 publisher = {Springer-Verlag},
 address = {Berlin, Heidelberg},
}

@inproceedings{Fluctuat,
 author = {Goubault, Eric and Putot, Sylvie},
 title = {Static analysis of finite precision computations},
 booktitle = {Proceedings of the 12th international conference on Verification, model checking, and abstract interpretation},
 series = {VMCAI'11},
 year = {2011},
 isbn = {978-3-642-18274-7},
 location = {Austin, TX, USA},
 pages = {232--247},
 numpages = {16},
 url = {http://dl.acm.org/citation.cfm?id=1946284.1946301},
 acmid = {1946301},
 publisher = {Springer-Verlag},
 address = {Berlin, Heidelberg},
}

@article{Simplify,
 author = {Detlefs, David and Nelson, Greg and Saxe, James B.},
 title = {{Simplify}: a theorem prover for program checking},
 journal = {J. ACM},
 issue_date = {May 2005},
 volume = {52},
 issue = {3},
 month = {May},
 year = {2005},
 issn = {0004-5411},
 pages = {365--473},
 numpages = {109},
 url = {http://doi.acm.org/10.1145/1066100.1066102},
 doi = {http://doi.acm.org/10.1145/1066100.1066102},
 acmid = {1066102},
 publisher = {ACM},
 address = {New York, NY, USA},
 keywords = {Theorem proving, decision procedures, program checking},
}

@inproceedings{Ergo,
 author = {Conchon, Sylvain and Contejean, Evelyne and Kanig, Johannes and Lescuyer, St\'{e}phane},
 title = {Lightweight integration of the {Ergo} theorem prover inside a proof assistant},
 booktitle = {Proceedings of the second workshop on Automated formal methods},
 series = {AFM '07},
 year = {2007},
 isbn = {978-1-59593-879-4},
 location = {Atlanta, Georgia},
 pages = {55--59},
 numpages = {5},
 url = {http://doi.acm.org/10.1145/1345169.1345176},
 doi = {http://doi.acm.org/10.1145/1345169.1345176},
 acmid = {1345176},
 publisher = {ACM},
 address = {New York, NY, USA},
}

@inproceedings{Z3,
 author = {De Moura, Leonardo and Bj{\o}rner, Nikolaj},
 title = {{Z3}: an efficient {SMT} solver},
 booktitle = {Proceedings of the Theory and practice of software, 14th international conference on Tools and algorithms for the construction and analysis of systems},
 series = {TACAS'08/ETAPS'08},
 year = {2008},
 isbn = {3-540-78799-2, 978-3-540-78799-0},
 location = {Budapest, Hungary},
 pages = {337--340},
 numpages = {4},
 url = {http://dl.acm.org/citation.cfm?id=1792734.1792766},
 acmid = {1792766},
 publisher = {Springer-Verlag},
 address = {Berlin, Heidelberg},
}

@book{Coq,
    hal_id = {hal-00344237},
    url = {http://hal.archives-ouvertes.fr/hal-00344237},
    title = {{Interactive theorem proving and program development. {Coq'Art}: The Calculus of inductive constructions.}},
    author = {Cast{\'e}ran, Pierre and Bertot, Yves},
    language = {Anglais},
    affiliation = {Laboratoire Bordelais de Recherche en Informatique - LaBRI , MARELLE - INRIA Sophia Antipolis},
    publisher = {Springer Verlag},
    pages = {470},
    series = {Texts in Theoretical Computer Science },
    note = {Traduction en chinois parue en 2010. Tsinghua University Press. ISBN 9787302208136 },
    year = {2004},
}

@inproceedings{Isabelle,
author={Makarius Wenzel and Lawrence C. Paulson and Tobias Nipkow},
title={The Isabelle Framework},
booktitle={Theorem Proving in Higher Order Logics (TPHOLs 2008)},
editor={Ait Mohamed and Munoz and Tahar},
publisher={Springer},series={LNCS},volume=5170,pages={33-38},year=2008
}

@book{HOL,
 editor = {Gordon, M. J. C. and Melham, T. F.},
 title = {Introduction to {HOL}: a theorem proving environment for higher order logic},
 year = {1993},
 isbn = {0-521-44189-7},
 publisher = {Cambridge University Press},
 address = {New York, NY, USA},
}

@INPROCEEDINGS{Boogie,
    author = {Mike Barnett and Bor-yuh Evan Chang and Robert Deline and Bart Jacobs and K. Rustanm. Leino},
    title = {{Boogie}: A modular reusable verifier for object-oriented programs},
    booktitle = {Formal Methods for Components and Objects: 4th International Symposium, FMCO 2005, volume 4111 of Lecture Notes in Computer Science},
    year = {2006},
    pages = {364--387},
    publisher = {Springer}
}

@INPROCEEDINGS{ESC/Java,
    author = {David R. Cok and Joseph R. Kiniry},
    title = {{ESC/Java2}: Uniting {ESC/Java} and {JML}: Progress and issues in building and using {ESC/Java2} and a report on a case study involving the use of {ESC/Java2} to verify portions of an Internet voting tally system},
    booktitle = {In Construction and Analysis of Safe, Secure and Interoperable Smart Devices: International Workshop, CASSIS 2004},
    year = {2004},
    publisher = {Springer–Verlag}
}

@TECHREPORT{JML,
    author = {Gary T. Leavens and Albert L. Baker and Clyde Ruby},
    title = {Preliminary Design of {JML}: A Behavioral Interface Specification Language for {Java}},
    institution = {Department of Computer Science, Iowa State University},
    year = {1999}
}

@article{SMART,
 author = {Godefroid, Patrice},
 title = {Compositional dynamic test generation},
 journal = {SIGPLAN Not.},
 volume = {42},
 issue = {1},
 month = {January},
 year = {2007},
 issn = {0362-1340},
 pages = {47--54},
 numpages = {8},
 url = {http://doi.acm.org/10.1145/1190215.1190226},
 doi = {http://doi.acm.org/10.1145/1190215.1190226},
 acmid = {1190226},
 publisher = {ACM},
 address = {New York, NY, USA},
 keywords = {automatic test generation, compositional program analysis, program verification, scalability, software testing},
}

@INPROCEEDINGS{CUTE,
    author = {Koushik Sen and Gul Agha},
    title = {{CUTE} and {jCUTE}: Concolic unit testing and explicit path model-checking tools},
    booktitle = {In CAV},
    year = {2006},
    pages = {419--423},
    publisher = {Springer}
}

@inproceedings{Pex,
 author = {Tillmann, Nikolai and De Halleux, Jonathan},
 title = {{Pex}: white box test generation for {.NET}},
 booktitle = {Proceedings of the 2nd international conference on Tests and proofs},
 series = {TAP'08},
 year = {2008},
 isbn = {3-540-79123-X, 978-3-540-79123-2},
 location = {Prato, Italy},
 pages = {134--153},
 numpages = {20},
 url = {http://dl.acm.org/citation.cfm?id=1792786.1792798},
 acmid = {1792798},
 publisher = {Springer-Verlag},
 address = {Berlin, Heidelberg},
}

@article{EXE,
 author = {Cadar, Cristian and Ganesh, Vijay and Pawlowski, Peter M. and Dill, David L. and Engler, Dawson R.},
 title = {{EXE}: Automatically Generating Inputs of Death},
 journal = {ACM Trans. Inf. Syst. Secur.},
 volume = {12},
 issue = {2},
 month = {December},
 year = {2008},
 issn = {1094-9224},
 pages = {10:1--10:38},
 articleno = {10},
 numpages = {38},
 url = {http://doi.acm.org/10.1145/1455518.1455522},
 doi = {http://doi.acm.org/10.1145/1455518.1455522},
 acmid = {1455522},
 publisher = {ACM},
 address = {New York, NY, USA},
 keywords = {attack generation, bug finding, constraint solving, dynamic analysis, symbolic execution, test case generation},
}

@inproceedings{KLEE,
  author    = {Cristian Cadar and Daniel Dunbar and Dawson R. Engler},
  title     = {{KLEE}: Unassisted and Automatic Generation of High-Coverage
               Tests for Complex Systems Programs},
  booktitle = {OSDI},
  year      = {2008},
  pages     = {209-224},
  ee        = {http://www.usenix.org/events/osdi08/tech/full_papers/cadar/cadar.pdf},
  bibsource = {DBLP, http://dblp.uni-trier.de}
}

@inproceedings{Sage,
  author    = {Patrice Godefroid and Michael Y. Levin and David A. Molnar},
  title     = {Automated Whitebox Fuzz Testing},
  booktitle = {NDSS},
  year      = {2008},
  ee        = {http://www.isoc.org/isoc/conferences/ndss/08/papers/10_automated_whitebox_fuzz.pdf},
  bibsource = {DBLP, http://dblp.uni-trier.de}
}

@inproceedings{GATEL,
 author = {Marre, Bruno and Arnould, Agnes},
 title = {Test Sequences Generation from {LUSTRE} Descriptions: {GATeL}},
 booktitle = {Proceedings of the 15th IEEE international conference on Automated software engineering},
 series = {ASE '00},
 year = {2000},
 isbn = {0-7695-0710-7},
 pages = {229--237},
 url = {http://dl.acm.org/citation.cfm?id=786768.786972},
 acmid = {786972},
 publisher = {IEEE Computer Society},
 address = {Washington, DC, USA},
}

@article{Lustre,
    author = {Halbwachs, N. and Caspi, P. and Raymond, P. and Pilaud, D.},
    citeulike-article-id = {349815},
    journal = {Proceedings of the IEEE},
    keywords = {synchronous-languages},
    month = sep,
    number = {9},
    pages = {1305--1320},
    posted-at = {2005-10-13 12:37:37},
    priority = {2},
    title = {The Synchronous Dataflow Programming Language {Lustre}},
    volume = {79},
    year = {1991}
}

@inproceedings{SLAM,
 author = {Ball, Thomas and Rajamani, Sriram K.},
 title = {The {SLAM} project: debugging system software via static analysis},
 booktitle = {Proceedings of the 29th ACM SIGPLAN-SIGACT symposium on Principles of programming languages},
 series = {POPL '02},
 year = {2002},
 isbn = {1-58113-450-9},
 location = {Portland, Oregon},
 pages = {1--3},
 numpages = {3},
 url = {http://doi.acm.org/10.1145/503272.503274},
 doi = {http://doi.acm.org/10.1145/503272.503274},
 acmid = {503274},
 publisher = {ACM},
 address = {New York, NY, USA},
}

@article{CEGAR,
 author = {Clarke, Edmund and Grumberg, Orna and Jha, Somesh and Lu, Yuan and Veith, Helmut},
 title = {Counterexample-guided abstraction refinement for symbolic model checking},
 journal = {J. ACM},
 volume = {50},
 issue = {5},
 month = {September},
 year = {2003},
 issn = {0004-5411},
 pages = {752--794},
 numpages = {43},
 url = {http://doi.acm.org/10.1145/876638.876643},
 doi = {http://doi.acm.org/10.1145/876638.876643},
 acmid = {876643},
 publisher = {ACM},
 address = {New York, NY, USA},
 keywords = {Abstraction, hardware verification, symbolic model checking, temporal logic},
}

@ARTICLE{BLAST,
    author = {Dirk Beyer and Thomas A. Henzinger and Ranjit Jhala and Rupak Majumdar},
    title = {The software model checker {BLAST}: Applications to software engineering},
    journal = {INT. J. SOFTW. TOOLS TECHNOL. TRANSFER},
    year = {2007}
}

@inproceedings{YOGI,
 author = {Nori, Aditya V. and Rajamani, Sriram K. and Tetali, Saideep and Thakur, Aditya V.},
 title = {The {Yogi} Project: Software Property Checking via Static Analysis and Testing},
 booktitle = {Proceedings of the 15th International Conference on Tools and Algorithms for the Construction and Analysis of Systems: Held as Part of the Joint European Conferences on Theory and Practice of Software, ETAPS 2009,},
 series = {TACAS '09},
 year = {2009},
 isbn = {978-3-642-00767-5},
 location = {York, UK},
 pages = {178--181},
 numpages = {4},
 url = {http://dx.doi.org/10.1007/978-3-642-00768-2_17},
 doi = {http://dx.doi.org/10.1007/978-3-642-00768-2_17},
 acmid = {1532913},
 publisher = {Springer-Verlag},
 address = {Berlin, Heidelberg},
}

@inproceedings{MAGIC,
 author = {Chaki, Sagar and Clarke, Edmund and Groce, Alex and Jha, Somesh and Veith, Helmut},
 title = {Modular verification of software components in {C}},
 booktitle = {Proceedings of the 25th International Conference on Software Engineering},
 series = {ICSE '03},
 year = {2003},
 isbn = {0-7695-1877-X},
 location = {Portland, Oregon},
 pages = {385--395},
 numpages = {11},
 url = {http://dl.acm.org/citation.cfm?id=776816.776863},
 acmid = {776863},
 publisher = {IEEE Computer Society},
 address = {Washington, DC, USA},
}

@article{discover-invariants,
 author = {Ernst, Michael D. and Cockrell, Jake and Griswold, William G. and Notkin, David},
 title = {Dynamically Discovering Likely Program Invariants to Support Program Evolution},
 journal = {IEEE Trans. Softw. Eng.},
 volume = {27},
 issue = {2},
 month = {February},
 year = {2001},
 issn = {0098-5589},
 pages = {99--123},
 numpages = {25},
 url = {http://dl.acm.org/citation.cfm?id=373394.373397},
 doi = {10.1109/32.908957},
 acmid = {373397},
 publisher = {IEEE Press},
 address = {Piscataway, NJ, USA},
 keywords = {Program invariants, formal specification, software evolution, dynamic analysis, execution traces, logical inference, pattern recognition.},
}

@article{JCrasher,
 author = {Csallner, Christoph and Smaragdakis, Yannis},
 title = {{JCrasher}: an automatic robustness tester for {Java}},
 journal = {Softw. Pract. Exper.},
 volume = {34},
 issue = {11},
 month = {September},
 year = {2004},
 issn = {0038-0644},
 pages = {1025--1050},
 numpages = {26},
 url = {http://dl.acm.org/citation.cfm?id=1044433.1044434},
 doi = {10.1002/spe.602},
 acmid = {1044434},
 publisher = {John Wiley \& Sons, Inc.},
 address = {New York, NY, USA},
 keywords = {java, random testing, software testing, state re-initialization, test case generation},
}

@article{DSD-Crasher,
 author = {Csallner, Christoph and Smaragdakis, Yannis and Xie, Tao},
 title = {{DSD-Crasher}: A hybrid analysis tool for bug finding},
 journal = {ACM Trans. Softw. Eng. Methodol.},
 volume = {17},
 issue = {2},
 month = {May},
 year = {2008},
 issn = {1049-331X},
 pages = {8:1--8:37},
 articleno = {8},
 numpages = {37},
 url = {http://doi.acm.org/10.1145/1348250.1348254},
 doi = {http://doi.acm.org/10.1145/1348250.1348254},
 acmid = {1348254},
 publisher = {ACM},
 address = {New York, NY, USA},
 keywords = {Automatic testing, bug finding, dynamic analysis, dynamic invariant detection, extended static checking, false positives, static analysis, test case generation, usability},
}

@MISC{ACSL,
    author = {Baudin, Patrick and Cuoq, Pascal and Filli\^{a}tre, Jean C. and March\'{e}, Claude and Monate, Benjamin and Moy, Yannick and Prevosto, Virgile},
    edition = {preliminary},
    keywords = {acsl, frama-c},
    title = {{ACSL}: {ANSI/ISO C Specification Language} preliminary design version 1.5},
    howpublished = "\url{http://frama-c.com/acsl.html}",
    year = {2010}
}

@inproceedings{CIL,
 author = {Necula, George C. and McPeak, Scott and Rahul, Shree Prakash and Weimer, Westley},
 title = {{CIL}: Intermediate Language and Tools for Analysis and Transformation of {C} Programs},
 booktitle = {Proceedings of the 11th International Conference on Compiler Construction},
 series = {CC '02},
 year = {2002},
 isbn = {3-540-43369-4},
 pages = {213--228},
 numpages = {16},
 url = {http://dl.acm.org/citation.cfm?id=647478.727796},
 acmid = {727796},
 publisher = {Springer-Verlag},
 address = {London, UK},
}

@inproceedings{Value,
 author = {Canet, G\'{e}raud and Cuoq, Pascal and Monate, Benjamin},
 title = {A Value Analysis for {C} Programs},
 booktitle = {Proceedings of the 2009 Ninth IEEE International Working Conference on Source Code Analysis and Manipulation},
 series = {SCAM '09},
 year = {2009},
 isbn = {978-0-7695-3793-1},
 pages = {123--124},
 numpages = {2},
 url = {http://dx.doi.org/10.1109/SCAM.2009.22},
 doi = {http://dx.doi.org/10.1109/SCAM.2009.22},
 acmid = {1638012},
 publisher = {IEEE Computer Society},
 address = {Washington, DC, USA},
 keywords = {tool demo, static analysis, abstract interpretation, C, software verification},
}

@inproceedings{SANTE,
inhal = {no},
domainehal = {INFO:INFO_SE, INFO:INFO_MO},
equipe = {vesontio},
classement = {ACTI},
author = {Chebaro, Omar and Kosmatov, Nikola\"{\i} and Giorgetti, Alain and Julliand, Jacques},
title = {Program Slicing Enhances a Verification Technique Combining Static and Dynamic Analysis},
booktitle = {SAC 2012, 27-th ACM Symposium On Applied Computing},
pages = {1284--1291},
address = {Trento, Italy},
month = mar,
year = 2012
}

@misc{TheseOmar,
 author = {Omar Chebaro},
 title = {Classification de menaces d'erreurs par analyse statique, simplification syntaxique et test structurel de programmes -- Thèse de doctorat},
 institution = {Laboratoire d'Informatique de l'Université de Franche-Comté},
 year = {2011}
}

@article{Patricia-tries,
 author = {Szpankowski, Wojciech},
 title = {Patricia tries again revisited},
 journal = {J. ACM},
 issue_date = {Oct. 1990},
 volume = {37},
 number = {4},
 month = oct,
 year = {1990},
 issn = {0004-5411},
 pages = {691--711},
 numpages = {21},
 url = {http://doi.acm.org/10.1145/96559.214080},
 doi = {10.1145/96559.214080},
 acmid = {214080},
 publisher = {ACM},
 address = {New York, NY, USA},
}

@inproceedings{collaborative-verification,
  author    = {Maria Christakis and
               Peter M{\"u}ller and
               Valentin W{\"u}stholz},
  title     ={Collaborative Verification and Testing with Explicit Assumptions},
  booktitle = {FM},
  year      = {2012},
  pages     = {132-146},
  ee        = {http://dx.doi.org/10.1007/978-3-642-32759-9_13},
  bibsource = {DBLP, http://dblp.uni-trier.de}
}

@inproceedings{checking-prop-state-machines,
  author    = {Jiri Slaby and
               Jan Strejcek and
               Marek Trt\'{\i}k},
  title     = {Checking Properties Described by State Machines: On Synergy
               of Instrumentation, Slicing, and Symbolic Execution},
  booktitle = {FMICS},
  year      = {2012},
  pages     = {207-221},
  ee        = {http://dx.doi.org/10.1007/978-3-642-32469-7_14},
  bibsource = {DBLP, http://dblp.uni-trier.de}
}

@inproceedings{Dafny,
  author    = {K. Rustan M. Leino},
  title     = {Developing Verified Programs with Dafny},
  booktitle = {VSTTE},
  year      = {2012},
  pages     = {82},
  ee        = {http://dx.doi.org/10.1007/978-3-642-27705-4_7},
  bibsource = {DBLP, http://dblp.uni-trier.de}
}

@inproceedings{DyTa,
 author = {Ge, Xi and Taneja, Kunal and Xie, Tao and Tillmann, Nikolai},
 title = {DyTa: dynamic symbolic execution guided with static verification results},
 booktitle = {Proceedings of the 33rd International Conference on Software Engineering},
 series = {ICSE '11},
 year = {2011},
 isbn = {978-1-4503-0445-0},
 location = {Waikiki, Honolulu, HI, USA},
 pages = {992--994},
 numpages = {3},
 url = {http://doi.acm.org/10.1145/1985793.1985971},
 doi = {10.1145/1985793.1985971},
 acmid = {1985971},
 publisher = {ACM},
 address = {New York, NY, USA},
 keywords = {defect detection, static analysis, testing},
}

@inproceedings{CodeContracts,
 author = {Logozzo, Francesco},
 title = {Practical verification for the working programmer with codecontracts and abstract interpretation},
 booktitle = {Proceedings of the 12th international conference on Verification, model checking, and abstract interpretation},
 series = {VMCAI'11},
 year = {2011},
 isbn = {978-3-642-18274-7},
 location = {Austin, TX, USA},
 pages = {19--22},
 numpages = {4},
 url = {http://dl.acm.org/citation.cfm?id=1946284.1946287},
 acmid = {1946287},
 publisher = {Springer-Verlag},
 address = {Berlin, Heidelberg},
}

@inproceedings{loop-summarization,
 author = {Godefroid, Patrice and Luchaup, Daniel},
 title = {Automatic partial loop summarization in dynamic test generation},
 booktitle = {Proceedings of the 2011 International Symposium on Software Testing and Analysis},
 series = {ISSTA '11},
 year = {2011},
 isbn = {978-1-4503-0562-4},
 location = {Toronto, Ontario, Canada},
 pages = {23--33},
 numpages = {11},
 url = {http://doi.acm.org/10.1145/2001420.2001424},
 doi = {10.1145/2001420.2001424},
 acmid = {2001424},
 publisher = {ACM},
 address = {New York, NY, USA},
 keywords = {loop invariant generation, program summarization, program testing and verification},
}

@INPROCEEDINGS{fault-localization,
author={Jiang, Shujuan and Li, Wei and Li, Haiyang and Zhang, Yanmei and Zhang, Hongchang and Liu, Yingqi},
booktitle={Quality Software (QSIC), 2012 12th International Conference on}, title={Fault Localization for Null Pointer Exception Based on Stack Trace and Program Slicing},
year={2012},
month={aug.},
volume={},
number={},
pages={9 -12},
keywords={},
doi={10.1109/QSIC.2012.36},
ISSN={1550-6002},
}

@article{STANSE,
  author    = {Jan Obdrz{\'a}lek and
               Jiri Slaby and
               Marek Trt\'{\i}k},
  title     = {STANSE: Bug-finding Framework for C Programs},
  journal   = {CoRR},
  volume    = {abs/1202.0788},
  year      = {2012},
  ee        = {http://arxiv.org/abs/1202.0788},
  bibsource = {DBLP, http://dblp.uni-trier.de}
}